<mx:record xmlns="http://www.w3.org/TR/xhtml1/strict" xmlns:mx="http://www.loc.gov/MARC21/slim" xmlns:xsi="http://www.w3.org/2001/XMLSchema-instance"><mx:leader>00000nz   2200000n  4500</mx:leader><mx:controlfield tag="001">oca03946725 </mx:controlfield><mx:controlfield tag="005">19951026054353.9</mx:controlfield><mx:controlfield tag="008">951024n| acannaab|          |a aaa     c</mx:controlfield><mx:datafield ind1=" " ind2=" " tag="010"><mx:subfield code="a">nr 95039337</mx:subfield></mx:datafield><mx:datafield ind1=" " ind2=" " tag="040"><mx:subfield code="a">NNC</mx:subfield><mx:subfield code="c">NNC</mx:subfield></mx:datafield><mx:datafield ind1="0" ind2=" " tag="100"><mx:subfield code="a">Cornelia,</mx:subfield><mx:subfield code="c">mother of the Gracchi</mx:subfield></mx:datafield><mx:datafield ind1="0" ind2=" " tag="400"><mx:subfield code="a">Cornelia,</mx:subfield><mx:subfield code="c">mater Gracchorum</mx:subfield></mx:datafield><mx:datafield ind1=" " ind2=" " tag="670"><mx:subfield code="a">Her Epistula, fragmenta, 1991:</mx:subfield><mx:subfield code="b">PHI CD ROM #5.3, Latin Canon, bibliographic screen (Cornelia, mater Gracchorum)</mx:subfield></mx:datafield><mx:datafield ind1=" " ind2=" " tag="670"><mx:subfield code="a">Pauly-Wissowa:</mx:subfield><mx:subfield code="b">7. Halbbd., col. 1592-1595; &amp;#034;Cornelius&amp;#034;, #407 (Cornelia; younger daughter of Scipio Africanus and Aemilia Tertia; married Ti. Sempronius Gracchus and bore him 12 children, alternately boys and girls; supported her children in their political ambitions; retired to Misenum and remained in contact with prominent persons; named &amp;#034;mother of the Gracchi&amp;#034;, a model of Roman womanhood)</mx:subfield></mx:datafield><mx:datafield ind1=" " ind2=" " tag="670"><mx:subfield code="a">Oxford class. dict., 1st ed.:</mx:subfield><mx:subfield code="b">p. 236 (Cornelia, mother of the Gracchi; 2nd daughter of Scipio Africanus; married Ti. Semporonius Gracchus; devoted herself to her surviving children, Tiberius, Gaius, and Sempronia; survived her children; tradition made her the model of Roman matronhood)</mx:subfield></mx:datafield><mx:datafield ind1=" " ind2=" " tag="670"><mx:subfield code="a">Dict. of Greek and Roman biog. and mythology, 1967:</mx:subfield><mx:subfield code="b">v. 1, p. 351-352; &amp;#034;Cornelia&amp;#034;, #5 (Cornelia; younger daughter of Scipio Africanus the elder; married to Ti. Sempronius Gracchus; mother of the two tribunes Tiberius and Gaius; mother-in-law of Scipio Africanus the Younger; retired to Misenum after the death of her sons, where she remained in contact with prominent figures; upon her death, the Roman people erected a statue to her with the inscription Cornelia, mother of the Gracchi)</mx:subfield></mx:datafield><mx:datafield ind1=" " ind2=" " tag="675"><mx:subfield code="a">NUC pre-56.</mx:subfield></mx:datafield></mx:record>